@ARTICLE{Menze2018JPRS,
  author = {Moritz Menze and Christian Heipke and Andreas Geiger},
  title = {Object Scene Flow},
  journal = {ISPRS Journal of Photogrammetry and Remote Sensing (JPRS)},
  year = {2018}
}
@INPROCEEDINGS{Menze2015ISA,
  author = {Moritz Menze and Christian Heipke and Andreas Geiger},
  title = {Joint 3D Estimation of Vehicles and Scene Flow},
  booktitle = {ISPRS Workshop on Image Sequence Analysis (ISA)},
  year = {2015}
}

@inproceedings{chang2018pyramid,
	title={Pyramid Stereo Matching Network},
	author={Chang, Jia-Ren and Chen, Yong-Sheng},
	booktitle={Proceedings of the IEEE Conference on Computer Vision and Pattern Recognition},
	pages={5410--5418},
	year={2018}
}

@article{hirschmuller2007stereo,
	title={Stereo processing by semiglobal matching and mutual information},
	author={Hirschmuller, Heiko},
	journal={IEEE Transactions on pattern analysis and machine intelligence},
	volume={30},
	number={2},
	pages={328--341},
	year={2007},
	publisher={IEEE}
}

@misc{kupyn2019deblurganv2,
	title={DeblurGAN-v2: Deblurring (Orders-of-Magnitude) Faster and Better},
	author={Orest Kupyn and Tetiana Martyniuk and Junru Wu and Zhangyang Wang},
	year={2019},
	eprint={1908.03826},
	archivePrefix={arXiv},
	primaryClass={cs.CV}
}

@article{monodepth2,
	title     = {Digging into Self-Supervised Monocular Depth Prediction},
	author    = {Cl{\'{e}}ment Godard and
	Oisin {Mac Aodha} and
	Michael Firman and
	Gabriel J. Brostow},
	booktitle = {The International Conference on Computer Vision (ICCV)},
	month = {October},
	year = {2019}
}